@article{Amirapu20,
    author = {Amirapu, Amrit and Gechter, Michael},
    title = "{Labor Regulations and the Cost of Corruption: Evidence from the Indian Firm Size Distribution}",
    journal = {The Review of Economics and Statistics},
    volume = {102},
    number = {1},
    pages = {34-48},
    year = {2020},
}

@techreport{Berger21,
 title = "Labor Market Power",
 author = "Berger, David and Herkenhoff, Kyle and Mongey, Simon",
 type = "Working Paper",
 year = "2021",
}


@techreport{Bilal20,
 title = "The Geography of Unemployment",
 author = "Bilal, Adrien",
 type = "Working Paper",
 year = "2020",
}


@techreport{Dabla-Norris18,
 title = "Size Dependent Policies, Informality and Misallocation",
 author = "Dabla-Norris, Era and Jaramillo, Laura and Lima, Federico and Sollaci, Alexandre",
 institution = "IMF",
 type = "Working Paper",
 number = "18/179",
 year = "2018",
}

@article{Davis19,
Author = {Davis, Donald R. and Dingel, Jonathan I.},
Title = {A Spatial Knowledge Economy},
Journal = {American Economic Review},
Volume = {109},
Number = {1},
Year = {2019},
Month = {January},
Pages = {153-70},
DOI = {10.1257/aer.20130249},
}

@techreport{DixCarneiro21,
 title = "â€œTrade and Informality in the Presence of Labor Market Frictions and Regulations",
 author = "Dix-Carneiro, Rafael and Goldberg, Penny and  Meghir, Costas and Ulyssea, Gabriel",
 type = "Working Paper",
 year = "2021",
}

@techreport{Engbom21,
 title = "Earnings Inequality and the Minimum Wage: Evidence from Brazil",
 author = "Engbom, Niklas and Moser, Christian",
 type = "Working Paper",
 year = "2021",
}

@article{Ulyssea18,
    Author = {Ulyssea, Gabriel},
    Title = {Firms, Informality, and Development: Theory and Evidence from Brazil},
    Journal = {American Economic Review},
    Volume = {108},
    Number = {8},
    Year = {2018},
    Month = {August},
    Pages = {2015-47},
}

@article{Ulyssea20,
author = {Ulyssea, Gabriel},
title = {Informality: Causes and Consequences for Development},
journal = {Annual Review of Economics},
volume = {12},
number = {1},
pages = {525-546},
year = {2020},
}
